@ONLINE{fakta,
	author = "{The Huffington post}",
	title = {Food Waste: Half Of All Food Ends Up Thrown Away {[ONLINE]}},
	year = "2013",
	url = {http://www.huffingtonpost.co.uk/2013/01/10/food-waste-half-of-all-fo_n_2445022.html}
}
